@article{scikit-learn,
 title={Scikit-learn: Machine Learning in {P}ython},
 author={Pedregosa, F. and Varoquaux, G. and Gramfort, A. and Michel, V.
         and Thirion, B. and Grisel, O. and Blondel, M. and Prettenhofer, P.
         and Weiss, R. and Dubourg, V. and Vanderplas, J. and Passos, A. and
         Cournapeau, D. and Brucher, M. and Perrot, M. and Duchesnay, E.},
 journal={Journal of Machine Learning Research},
 volume={12},
 pages={2825--2830},
 year={2011}
}

@book{james2013introduction,
  title={An introduction to statistical learning},
  author={James, Gareth and Witten, Daniela and Hastie, Trevor and Tibshirani, Robert},
  volume={112},
  year={2013},
  publisher={Springer}
}

@ARTICLE{2018arXiv180308823M,
   author = {{Mehta}, P. and {Bukov}, M. and {Wang}, C.-H. and {Day}, A.~G.~R. and 
  {Richardson}, C. and {Fisher}, C.~K. and {Schwab}, D.~J.},
    title = "{A high-bias, low-variance introduction to Machine Learning for physicists}",
  journal = {ArXiv e-prints},
archivePrefix = "arXiv",
   eprint = {1803.08823},
 primaryClass = "physics.comp-ph",
 keywords = {Physics - Computational Physics, Condensed Matter - Statistical Mechanics, Computer Science - Machine Learning, Statistics - Machine Learning},
     year = 2018,
    month = mar,
   adsurl = {http://adsabs.harvard.edu/abs/2018arXiv180308823M},
  adsnote = {Provided by the SAO/NASA Astrophysics Data System}
}

@misc{morten-regression,
  Author = {Morten Hjort-Jensen},
  Date-Added = {2018-10-07 16:17:29 +0000},
  Date-Modified = {2018-10-07 16:19:51 +0000},
  Howpublished = {https://compphysics.github.io/MachineLearning/doc/web/course.html},
  Month = {October},
  Title = {Data Analysis and Machine Learning: Linear Regression and more Advanced Regression Analysis lecture notes},
  Year = {2018}
}

@book{efron1994introduction,
  title={An introduction to the bootstrap},
  author={Efron, Bradley and Tibshirani, Robert J},
  year={1994},
  publisher={CRC press}
}

@article{efron1981,
author = "Efron, B. and Stein, C.",
doi = "10.1214/aos/1176345462",
fjournal = "The Annals of Statistics",
journal = "Ann. Statist.",
month = "05",
number = "3",
pages = "586--596",
publisher = "The Institute of Mathematical Statistics",
title = "The Jackknife Estimate of Variance",
url = "https://doi.org/10.1214/aos/1176345462",
volume = "9",
year = "1981"
}


@misc{github-repo,
  Author = {Mathias Vege},
  Date-Added = {2018-10-07 16:17:29 +0000},
  Date-Modified = {2018-10-07 16:19:51 +0000},
  Howpublished = {https://github.com/hmvege/FYSSTK4155-Project2},
  Month = {October},
  Title = {FYSSTK4155: Project 2 GitHub repository},
  Year = {2018}
}
